@article{article,
author = {Erhan, Dumitru and Bengio, Y. and Courville, Aaron and Vincent, Pascal},
year = {2009},
month = {01},
pages = {},
title = {Visualizing Higher-Layer Features of a Deep Network},
journal = {Technical Report, Univeristé de Montréal}
}